@BOOK{FromArtistry,
	author={Roden, Timothy and Parberry, Ian},
	editor={Rauterberg, Matthias},
	title={From Artistry to Automation: A Structured Methodology for Procedural Content Creation},
	booktitle={Entertainment Computing -- ICEC 2004},
	year={2004},
	publisher={Springer Berlin Heidelberg},
	address={Berlin, Heidelberg},
	pages={151--156},
	isbn={978-3-540-28643-1}
}

@article{Hendrikx,
	author = {Hendrikx, Mark and Meijer, Sebastiaan and Van Der Velden, Joeri and Iosup, Alexandru},
	title = {Procedural Content Generation for Games: A Survey},
	year = {2013},
	publisher = {Association for Computing Machinery},
	address = {New York, NY, USA},
	volume = {9},
	number = {1},
	issn = {1551-6857},
	url = {https://doi.org/10.1145/2422956.2422957},
	doi = {10.1145/2422956.2422957},
	month = {feb},
	articleno = {1},
	numpages = {22},
	keywords = {Game content generation, procedural, survey}
}

@article{liuDeep,
	title = {Deep learning for procedural content generation},
	volume = {33},
	issn = {1433-3058},
	url = {https://doi.org/10.1007/s00521-020-05383-8},
	doi = {10.1007/s00521-020-05383-8},
	number = {1},
	journal = {Neural Computing and Applications},
	author = {Liu, Jialin and Snodgrass, Sam and Khalifa, Ahmed and Risi, Sebastian and Yannakakis, Georgios N. and Togelius, Julian},
	month = {jan},
	year = {2021},
	pages = {19--37}
}

@phdthesis{madoc59000,
        language = {English},
         author = {Jonas Freiknecht},
         address = {Mannheim},
         year = {2021},
        title = {Procedural content generation for games},
       	url = {https://madoc.bib.uni-mannheim.de/59000/},
        keywords = {Prozedurale Generierung , virtuelle Welten , serious games}
}

@article{Dhariwal2020JukeboxAG,
 	title={Jukebox: A Generative Model for Music},	
	author={Prafulla Dhariwal and Heewoo Jun and Christine Payne and Jong Wook Kim and Alec Radford and Ilya Sutskever},
	journal={ArXiv},
	year={2020},
	volume={abs/2005.00341},
	url={https://api.semanticscholar.org/CorpusID:218470180}
}

@article{articleCellular,
	author = {Johnson, Lawrence and Yannakakis, Georgios and Togelius, Julian},
	year = {2010},
	month = {09},
	pages = {},
	title = {Cellular automata for real-time generation of},
	doi = {10.1145/1814256.1814266}
}

@article{Gong2017,
	doi = {10.1088/1757-899X/242/1/012106},
	url = {https://dx.doi.org/10.1088/1757-899X/242/1/012106},
	year = {2017},
	month = {sep},
	publisher = {IOP Publishing},
	volume = {242},
	number = {1},
	pages = {012106},
	author = {Yimin Gong},
	title = {A survey on the modeling and applications of cellular automata theory},
	journal = {IOP Conference Series: Materials Science and Engineering}
}

@inproceedings{inproceedings,
	author = {Smelik, Ruben and de Kraker, Klaas Jan and Groenewegen, Saskia and Tutenel, Tim and Bidarra, Rafael},
	year = {2009},
	month = {06},
	pages = {},
	title = {A Survey of Procedural Methods for Terrain Modelling}
}

@article{MillerRendering,
	author = {Miller, Gavin S P},
	title = {The Definition and Rendering of Terrain Maps},
	year = {1986},
	publisher = {Association for Computing Machinery},
	address = {New York, NY, USA},
	volume = {20},
	number = {4},
	issn = {0097-8930},
	url = {https://doi.org/10.1145/15886.15890},
	doi = {10.1145/15886.15890},
	month = {aug},
	pages = {39-48},
	numpages = {10}
}

@article{nilson2007game,
  title={Game Engine Architecture},
  author={Nilson, Bj{\"o}rn and S{\"o}derberg, Martin},
  journal={M{\"a}lardalen University},
  year={2007}
}

@phdthesis{wolfe2009make2,
  title={Make2: A Comparative Analysis of Game Engines for Independent Game Developers},
  author={Wolfe, Dan},
  year={2009},
  school={Indiana University, Department of Telecommunications}
}

@inproceedings{vohera2021game,
  title={Game engine architecture and comparative study of different game engines},
  author={Vohera, Chaitya and Chheda, Heet and Chouhan, Dhruveel and Desai, Ayush and Jain, Vijal},
  booktitle={2021 12th International Conference on Computing Communication and Networking Technologies (ICCCNT)},
  pages={1--6},
  year={2021},
  organization={IEEE}
}

